<?xml version="1.0" encoding="UTF-8"?><collection xmlns="http://www.loc.gov/MARC21/slim"><record><leader>00358nam--2200133-i-4500</leader><controlfield tag="001">000025837</controlfield><controlfield tag="002">20161230</controlfield><controlfield tag="005">20161230201036</controlfield><controlfield tag="008">060222s1000------------r-----000-0-eng-d</controlfield><datafield ind1=" " ind2=" " tag="100"><subfield code="a">Kahane, Arno</subfield></datafield><datafield ind1=" " ind2=" " tag="245"><subfield code="a">Elemente din teoria congruentelor de drepte</subfield></datafield><datafield ind1=" " ind2=" " tag="260"><subfield code="a">Bucuresti, [Ed.Tehnica], 1956, 148p</subfield></datafield><datafield ind1=" " ind2=" " tag="490"><subfield code="a">Bibl.So.De St.Mat.Si Fiz.R.P.R</subfield></datafield><datafield ind1=" " ind2=" " tag="852"><subfield code="a">4065</subfield></datafield></record></collection>